[gd_scene load_steps=13 format=3 uid="uid://bjw6r0qbdfk2c"]

[ext_resource type="Script" path="res://objects/player/player.gd" id="1_07lih"]
[ext_resource type="Texture2D" uid="uid://ck2bnm11oyjdp" path="res://objects/player_2/sprite/smallmario.png" id="2_e6brb"]
[ext_resource type="AudioStream" uid="uid://ba8iv6ilnamun" path="res://objects/player/sounds/smb_jump-small.wav" id="3_yya4q"]

[sub_resource type="CapsuleShape2D" id="CapsuleShape2D_p34rk"]
radius = 6.0
height = 16.0

[sub_resource type="Animation" id="Animation_1bvux"]
length = 0.001
tracks/0/type = "value"
tracks/0/imported = false
tracks/0/enabled = true
tracks/0/path = NodePath("Sprite2D:frame")
tracks/0/interp = 1
tracks/0/loop_wrap = true
tracks/0/keys = {
"times": PackedFloat32Array(0),
"transitions": PackedFloat32Array(1),
"update": 0,
"values": [0]
}

[sub_resource type="Animation" id="Animation_6dojn"]
resource_name = "death"

[sub_resource type="Animation" id="Animation_0s1fw"]
resource_name = "idle"
length = 0.7
loop_mode = 1
tracks/0/type = "value"
tracks/0/imported = false
tracks/0/enabled = true
tracks/0/path = NodePath("Sprite2D:frame")
tracks/0/interp = 1
tracks/0/loop_wrap = true
tracks/0/keys = {
"times": PackedFloat32Array(0),
"transitions": PackedFloat32Array(1),
"update": 0,
"values": [0]
}

[sub_resource type="Animation" id="Animation_t26bs"]
resource_name = "jump"
tracks/0/type = "value"
tracks/0/imported = false
tracks/0/enabled = true
tracks/0/path = NodePath("Sprite2D:frame")
tracks/0/interp = 1
tracks/0/loop_wrap = true
tracks/0/keys = {
"times": PackedFloat32Array(0),
"transitions": PackedFloat32Array(1),
"update": 0,
"values": [5]
}

[sub_resource type="Animation" id="Animation_31j0j"]
resource_name = "walk"
length = 0.3
loop_mode = 1
tracks/0/type = "value"
tracks/0/imported = false
tracks/0/enabled = true
tracks/0/path = NodePath("Sprite2D:frame")
tracks/0/interp = 1
tracks/0/loop_wrap = true
tracks/0/keys = {
"times": PackedFloat32Array(0, 0.1, 0.2),
"transitions": PackedFloat32Array(1, 1, 1),
"update": 1,
"values": [1, 2, 3]
}

[sub_resource type="AnimationLibrary" id="AnimationLibrary_yvthh"]
_data = {
"RESET": SubResource("Animation_1bvux"),
"death": SubResource("Animation_6dojn"),
"idle": SubResource("Animation_0s1fw"),
"jump": SubResource("Animation_t26bs"),
"walk": SubResource("Animation_31j0j")
}

[sub_resource type="RectangleShape2D" id="RectangleShape2D_sy1i6"]
size = Vector2(2, 7)

[sub_resource type="RectangleShape2D" id="RectangleShape2D_op65o"]
size = Vector2(16, 3)

[node name="player" type="CharacterBody2D" groups=["players"]]
collision_layer = 2
script = ExtResource("1_07lih")

[node name="CollisionShape2D" type="CollisionShape2D" parent="."]
position = Vector2(0, 1)
shape = SubResource("CapsuleShape2D_p34rk")

[node name="Sprite2D" type="Sprite2D" parent="."]
texture_filter = 1
position = Vector2(0, 0.0399998)
scale = Vector2(0.28, 0.278889)
texture = ExtResource("2_e6brb")
hframes = 4
vframes = 4

[node name="AnimationPlayer" type="AnimationPlayer" parent="."]
libraries = {
"": SubResource("AnimationLibrary_yvthh")
}

[node name="Camera2D" type="Camera2D" parent="."]
position = Vector2(17, -50)
limit_top = 50
limit_bottom = 1000
position_smoothing_enabled = true

[node name="groundcast_l" type="RayCast2D" parent="."]
position = Vector2(-5, 0)
target_position = Vector2(0, 15)

[node name="groundcast_r" type="RayCast2D" parent="."]
position = Vector2(5, 0)
target_position = Vector2(0, 15)

[node name="attackbox" type="Area2D" parent="."]
collision_layer = 0
collision_mask = 2

[node name="CollisionShape2D" type="CollisionShape2D" parent="attackbox"]
position = Vector2(0, 8.5)
shape = SubResource("RectangleShape2D_sy1i6")

[node name="jump_snd" type="AudioStreamPlayer2D" parent="."]
stream = ExtResource("3_yya4q")

[node name="hitarea" type="Area2D" parent="."]

[node name="CollisionShape2D" type="CollisionShape2D" parent="hitarea"]
position = Vector2(0, -8.5)
shape = SubResource("RectangleShape2D_op65o")

[connection signal="body_entered" from="attackbox" to="." method="attack"]
[connection signal="body_entered" from="hitarea" to="." method="box_hit_check"]
