[gd_scene load_steps=9 format=3 uid="uid://diqr0863ykrgy"]

[ext_resource type="Script" path="res://objects/coins/coin.gd" id="1_2fbsu"]
[ext_resource type="Texture2D" uid="uid://b4n0o852txcgb" path="res://objects/coins/sprite.png" id="1_446d4"]
[ext_resource type="AudioStream" uid="uid://codgs66jvel4a" path="res://objects/coins/coin.wav" id="3_yjs20"]

[sub_resource type="AtlasTexture" id="AtlasTexture_xrx7a"]
atlas = ExtResource("1_446d4")
region = Rect2(0, 64, 63, 64)

[sub_resource type="AtlasTexture" id="AtlasTexture_q3hlk"]
atlas = ExtResource("1_446d4")
region = Rect2(0, 192, 63, 64)

[sub_resource type="AtlasTexture" id="AtlasTexture_itn6p"]
atlas = ExtResource("1_446d4")
region = Rect2(0, 320, 63, 64)

[sub_resource type="SpriteFrames" id="SpriteFrames_e6f3u"]
animations = [{
"frames": [{
"duration": 1.0,
"texture": SubResource("AtlasTexture_xrx7a")
}, {
"duration": 1.0,
"texture": SubResource("AtlasTexture_q3hlk")
}, {
"duration": 1.0,
"texture": SubResource("AtlasTexture_itn6p")
}],
"loop": true,
"name": &"default",
"speed": 5.0
}]

[sub_resource type="CapsuleShape2D" id="CapsuleShape2D_snc05"]
radius = 17.0
height = 56.0

[node name="coin" type="Area2D"]
collision_layer = 0
collision_mask = 2
script = ExtResource("1_2fbsu")

[node name="sprite" type="AnimatedSprite2D" parent="."]
sprite_frames = SubResource("SpriteFrames_e6f3u")
autoplay = "default"
frame_progress = 0.00680841

[node name="CollisionShape2D" type="CollisionShape2D" parent="."]
position = Vector2(-3, 4)
shape = SubResource("CapsuleShape2D_snc05")

[node name="sound" type="AudioStreamPlayer2D" parent="."]
stream = ExtResource("3_yjs20")

[connection signal="body_entered" from="." to="." method="_on_body_entered"]
[connection signal="finished" from="sound" to="." method="_on_sound_finished"]
