[gd_scene load_steps=11 format=3 uid="uid://b4wafe72ak0y3"]

[ext_resource type="Script" path="res://objects/enemies/enemy.gd" id="1_ua0rh"]
[ext_resource type="Texture2D" uid="uid://b3x05uikorux" path="res://objects/enemies/sprites/crab-walk.png" id="2_481v2"]

[sub_resource type="AtlasTexture" id="AtlasTexture_6sgn8"]
atlas = ExtResource("2_481v2")
region = Rect2(0, 0, 48, 32)

[sub_resource type="AtlasTexture" id="AtlasTexture_l7ynp"]
atlas = ExtResource("2_481v2")
region = Rect2(48, 0, 48, 32)

[sub_resource type="AtlasTexture" id="AtlasTexture_dxsv0"]
atlas = ExtResource("2_481v2")
region = Rect2(96, 0, 48, 32)

[sub_resource type="AtlasTexture" id="AtlasTexture_b83vv"]
atlas = ExtResource("2_481v2")
region = Rect2(144, 0, 48, 32)

[sub_resource type="AtlasTexture" id="AtlasTexture_lq8aj"]
atlas = ExtResource("2_481v2")
region = Rect2(192, 0, 48, 32)

[sub_resource type="AtlasTexture" id="AtlasTexture_lbn6q"]
atlas = ExtResource("2_481v2")
region = Rect2(240, 0, 48, 32)

[sub_resource type="SpriteFrames" id="SpriteFrames_3rhgr"]
animations = [{
"frames": [{
"duration": 1.0,
"texture": SubResource("AtlasTexture_6sgn8")
}, {
"duration": 1.0,
"texture": SubResource("AtlasTexture_l7ynp")
}, {
"duration": 1.0,
"texture": SubResource("AtlasTexture_dxsv0")
}, {
"duration": 1.0,
"texture": SubResource("AtlasTexture_b83vv")
}, {
"duration": 1.0,
"texture": SubResource("AtlasTexture_lq8aj")
}, {
"duration": 1.0,
"texture": SubResource("AtlasTexture_lbn6q")
}],
"loop": true,
"name": &"walk",
"speed": 5.0
}]

[sub_resource type="CapsuleShape2D" id="CapsuleShape2D_v2hak"]
height = 38.0

[node name="crab" type="CharacterBody2D" groups=["enemies"]]
collision_layer = 2
script = ExtResource("1_ua0rh")

[node name="sprite" type="AnimatedSprite2D" parent="."]
texture_filter = 1
sprite_frames = SubResource("SpriteFrames_3rhgr")
animation = &"walk"

[node name="CollisionShape2D" type="CollisionShape2D" parent="."]
position = Vector2(-1, 5)
rotation = 1.5708
shape = SubResource("CapsuleShape2D_v2hak")

[node name="ground_check_r" type="RayCast2D" parent="."]
position = Vector2(10, 0)
target_position = Vector2(0, 25)

[node name="ground_check_l" type="RayCast2D" parent="."]
position = Vector2(-10, 0)
target_position = Vector2(0, 25)

[node name="RayCast2D" type="RayCast2D" parent="."]
target_position = Vector2(30, 0)

[node name="RayCast2D2" type="RayCast2D" parent="."]
position = Vector2(0, 8)
target_position = Vector2(30, 0)

[node name="VisibleOnScreenNotifier2D" type="VisibleOnScreenNotifier2D" parent="."]

[node name="offscreen_timer" type="Timer" parent="."]
wait_time = 5.0
one_shot = true

[connection signal="screen_entered" from="VisibleOnScreenNotifier2D" to="." method="_on_visible_on_screen_notifier_2d_screen_entered"]
[connection signal="screen_exited" from="VisibleOnScreenNotifier2D" to="." method="_on_visible_on_screen_notifier_2d_screen_exited"]
[connection signal="timeout" from="offscreen_timer" to="." method="_on_offscreen_timer_timeout"]
