[gd_scene load_steps=11 format=3 uid="uid://ddj11w04dyx0h"]

[ext_resource type="Script" path="res://objects/enemies/enemy.gd" id="1_msnqn"]
[ext_resource type="Texture2D" uid="uid://mg1mgkkxnjiq" path="res://objects/enemies/sprites/grasshopper-bot.png" id="2_8f5j3"]

[sub_resource type="AtlasTexture" id="AtlasTexture_k7wwy"]
atlas = ExtResource("2_8f5j3")
region = Rect2(0, 0, 80, 80)

[sub_resource type="AtlasTexture" id="AtlasTexture_ifb51"]
atlas = ExtResource("2_8f5j3")
region = Rect2(80, 0, 80, 80)

[sub_resource type="AtlasTexture" id="AtlasTexture_yxlam"]
atlas = ExtResource("2_8f5j3")
region = Rect2(160, 0, 80, 80)

[sub_resource type="AtlasTexture" id="AtlasTexture_0ghh5"]
atlas = ExtResource("2_8f5j3")
region = Rect2(0, 80, 80, 80)

[sub_resource type="AtlasTexture" id="AtlasTexture_a1i13"]
atlas = ExtResource("2_8f5j3")
region = Rect2(80, 80, 80, 80)

[sub_resource type="AtlasTexture" id="AtlasTexture_ojgh2"]
atlas = ExtResource("2_8f5j3")
region = Rect2(160, 80, 80, 80)

[sub_resource type="SpriteFrames" id="SpriteFrames_3rhgr"]
animations = [{
"frames": [{
"duration": 1.0,
"texture": SubResource("AtlasTexture_k7wwy")
}, {
"duration": 1.0,
"texture": SubResource("AtlasTexture_ifb51")
}, {
"duration": 1.0,
"texture": SubResource("AtlasTexture_yxlam")
}, {
"duration": 1.0,
"texture": SubResource("AtlasTexture_0ghh5")
}, {
"duration": 1.0,
"texture": SubResource("AtlasTexture_a1i13")
}, {
"duration": 1.0,
"texture": SubResource("AtlasTexture_ojgh2")
}],
"loop": true,
"name": &"walk",
"speed": 10.0
}]

[sub_resource type="CapsuleShape2D" id="CapsuleShape2D_v2hak"]
height = 46.0

[node name="grass hopper bot" type="CharacterBody2D" groups=["enemies"]]
collision_layer = 2
script = ExtResource("1_msnqn")
speed = 3000

[node name="sprite" type="AnimatedSprite2D" parent="."]
texture_filter = 1
position = Vector2(-1, -19)
sprite_frames = SubResource("SpriteFrames_3rhgr")
animation = &"walk"
frame_progress = 0.670953

[node name="CollisionShape2D" type="CollisionShape2D" parent="."]
position = Vector2(0, -2)
shape = SubResource("CapsuleShape2D_v2hak")

[node name="ground_check_r" type="RayCast2D" parent="."]
position = Vector2(10, 0)
target_position = Vector2(0, 25)

[node name="ground_check_l" type="RayCast2D" parent="."]
position = Vector2(-10, 0)
target_position = Vector2(0, 25)

[node name="RayCast2D" type="RayCast2D" parent="."]
position = Vector2(0, -10)
target_position = Vector2(30, 0)

[node name="RayCast2D2" type="RayCast2D" parent="."]
position = Vector2(0, 5)
target_position = Vector2(30, 0)

[node name="VisibleOnScreenNotifier2D" type="VisibleOnScreenNotifier2D" parent="."]

[node name="offscreen_timer" type="Timer" parent="."]
wait_time = 5.0
one_shot = true

[connection signal="screen_entered" from="VisibleOnScreenNotifier2D" to="." method="_on_visible_on_screen_notifier_2d_screen_entered"]
[connection signal="screen_exited" from="VisibleOnScreenNotifier2D" to="." method="_on_visible_on_screen_notifier_2d_screen_exited"]
[connection signal="timeout" from="offscreen_timer" to="." method="_on_offscreen_timer_timeout"]
